<?xml version="1.0" encoding="UTF-8"?><record xmlns="http://www.loc.gov/MARC21/slim" xmlns:cinclude="http://apache.org/cocoon/include/1.0" xmlns:zs="http://www.loc.gov/zing/srw/">
  <leader>00361nz  a2200121n  4500</leader>
  <controlfield tag="001">n  97802596 </controlfield>
  <controlfield tag="003">DLC</controlfield>
  <controlfield tag="005">19970811135026.8</controlfield>
  <controlfield tag="008">970811n| acannaab|          |n aaa ||| b</controlfield>
  <datafield tag="010" ind1=" " ind2=" ">
    <subfield code="a">n  97802596 </subfield>
  </datafield>
  <datafield tag="040" ind1=" " ind2=" ">
    <subfield code="a">DNLM</subfield>
    <subfield code="c">DLC</subfield>
  </datafield>
  <datafield tag="100" ind1="1" ind2="0">
    <subfield code="a">Renik, Owen</subfield>
  </datafield>
  <datafield tag="670" ind1=" " ind2=" ">
    <subfield code="a">Knowledge and authority in the psychoanalytic relationship, c1998:</subfield>
    <subfield code="b">CIP t.p. (Owen Renik) editor's intro. (M.D.)</subfield>
  </datafield>
</record>